

@book{green2013, 
  title = {Differences in Religiosity and Spirituality as a Result of
  Generation, Gender, and Education}, 
  author = {Green, Mark},
  Year = {2013},
  date = {2013},
  publisher = {The International Journal of Religion and Spirituality in Society}
}

@book{gullickson2018,
  title = {The Diverging Beliefs and Practices of the Religiously Affiliated
  and Unaffiliated in the United States},
  author = {Gullickson, Aaron},
  year = {2018},
  date = {2018},
  publisher = {Sociological Science}
}

@book{minsu2019,
  title = {Relations Among Education, religiosity,
  and Socioeconomic Variables},
  author = {Minsu, Ha},
  year = {2019},
  date = {2019},
  publisher = {Af. J. of Education}
}

@book{norton2018,
  title = {Meaning on the Move: Synthesizing Cognitive and
  Systems Concepts of Culture},
  author = {Norton, Mattew},
  year = {2018},
  date = {2018},
  publisher = {Spring Nature},
}

@book{schwadel2015,
  title = {Explaining Cross-National variation in the Effect
  of Higher Education on Religiosity},
  author = {Shcwadel, P.},
  year = {2015},
  date = {2015},
  publisher = {journal for the Scientific Study of Religion},
}

@book{schwadel2016,
  title = {Does Higher Education Cause Religious Decline?: A
  longitudinal analysis of the within- and between- person
  effects of higher education on religiosity.},
  year = {2016},
  date = {2016},
  publisher = {The Sociological Quarterly},
}




